<?xml version="1.0" encoding="UTF-8"?><collection xmlns="http://www.loc.gov/MARC21/slim"><record><leader>00501nam--2200193-u-4500</leader><controlfield tag="001">000050572</controlfield><controlfield tag="002">20161230</controlfield><controlfield tag="005">20161230201048</controlfield><controlfield tag="008">070918s1000------------r-----000-0-eng-d</controlfield><datafield ind1=" " ind2=" " tag="040"><subfield code="a">IFIN-HH</subfield></datafield><datafield ind1=" " ind2=" " tag="041"><subfield code="a">rus</subfield></datafield><datafield ind1=" " ind2=" " tag="080"><subfield code="a">51</subfield></datafield><datafield ind1="1" ind2=" " tag="100"><subfield code="a">Zur Capellen,W.Meyer</subfield></datafield><datafield ind1="1" ind2="0" tag="245"><subfield code="a">Instrumentalnaya Matematika dlya Inzhenerov</subfield></datafield><datafield ind1=" " ind2=" " tag="260"><subfield code="a">Moskva</subfield><subfield code="b">Gosydarstvennoe Izdatelstvo</subfield><subfield code="c">1959</subfield></datafield><datafield ind1=" " ind2=" " tag="300"><subfield code="a">379 p</subfield></datafield><datafield ind1=" " ind2=" " tag="490"><subfield code="a">Fiziko-Matematicheskaia dlya Inzenerov</subfield></datafield><datafield ind1=" " ind2=" " tag="852"><subfield code="c">51</subfield></datafield><datafield ind1=" " ind2=" " tag="CAT"><subfield code="a">Sys</subfield><subfield code="c">20070918</subfield><subfield code="h">114613</subfield></datafield></record></collection>